
@misc{cailloux_formal_2017,
	title = {A formal framework for deliberated judgment},
	url = {https://arxiv.org/abs/1801.05644},
	author = {Cailloux, Olivier and Meinard, Yves},
	year = {2017},
	note = {Submitted to Theory and Decision}
}